%Krupa_Szmoy
@article {levy,
    AUTHOR = {Jourdain, Benjamin and M\'el\'eard, Sylvie and Woyczynski, Wojbor
              A.},
     TITLE = {Nonlinear {SDE}s driven by {L}\'evy processes and related
              {PDE}s},
   JOURNAL = {ALEA Lat. Am. J. Probab. Math. Stat.},
  FJOURNAL = {ALEA. Latin American Journal of Probability and Mathematical
              Statistics},
    VOLUME = {4},
      YEAR = {2008},
     PAGES = {1--29},
      ISSN = {1980-0436},
   MRCLASS = {60H10 (35R60 65C30)},
  MRNUMBER = {2383731},
MRREVIEWER = {Thomas D. Simon},
}



%Faye pulse synaptic depression
@article {faye2013existence,
    AUTHOR = {Faye, Gr\'egory},
     TITLE = {Existence and stability of traveling pulses in a neural field
              equation with synaptic depression},
   JOURNAL = {SIAM J. Appl. Dyn. Syst.},
  FJOURNAL = {SIAM Journal on Applied Dynamical Systems},
    VOLUME = {12},
      YEAR = {2013},
    NUMBER = {4},
     PAGES = {2032--2067},
      ISSN = {1536-0040},
   MRCLASS = {35F35 (35A01 35B35 35C07 35R09 35R10 92B20)},
  MRNUMBER = {3143822},
       DOI = {10.1137/130913092},
       URL = {http://dx.doi.org/10.1137/130913092},
}

%Nonlocal_FHN
@article {faye2015existence,
    AUTHOR = {Faye, Gr\'egory and Scheel, Arnd},
     TITLE = {Existence of pulses in excitable media with nonlocal coupling},
   JOURNAL = {Adv. Math.},
  FJOURNAL = {Advances in Mathematics},
    VOLUME = {270},
      YEAR = {2015},
     PAGES = {400--456},
      ISSN = {0001-8708},
   MRCLASS = {92C20 (34C37 35C07 35M30)},
  MRNUMBER = {3286540},
MRREVIEWER = {Simona Mancini},
       DOI = {10.1016/j.aim.2014.11.005},
       URL = {http://dx.doi.org/10.1016/j.aim.2014.11.005},
}


%nonlocal cmfld
@article{FScmfd,
  title={Center manifolds without a phase space},
  author={Faye, Gr{\'e}gory and Scheel, Arnd},
  journal={arXiv preprint arXiv:1611.07487},
  year={2016}
}




%Kuehn_book
@book {roman2007advanced,
    AUTHOR = {Roman, Steven},
     TITLE = {Advanced linear algebra},
    SERIES = {Graduate Texts in Mathematics},
    VOLUME = {135},
   EDITION = {Third},
 PUBLISHER = {Springer, New York},
      YEAR = {2008},
     PAGES = {xviii+522},
      ISBN = {978-0-387-72828-5},
   MRCLASS = {15-01},
  MRNUMBER = {2344656},
}


%Chow Hale methods bif text
@book {chowhale,
    AUTHOR = {Chow, Shui Nee and Hale, Jack K.},
     TITLE = {Methods of bifurcation theory},
    SERIES = {Grundlehren der Mathematischen Wissenschaften [Fundamental
              Principles of Mathematical Science]},
    VOLUME = {251},
 PUBLISHER = {Springer-Verlag, New York-Berlin},
      YEAR = {1982},
     PAGES = {xv+515},
      ISBN = {0-387-90664-9},
   MRCLASS = {58E07 (34-02 58-02 58F14)},
  MRNUMBER = {660633},
MRREVIEWER = {Norman Dancer},
}


%ref superposition op
@book {runst1996sobolev,
    AUTHOR = {Runst, Thomas and Sickel, Winfried},
     TITLE = {Sobolev spaces of fractional order, {N}emytskij operators, and
              nonlinear partial differential equations},
    SERIES = {De Gruyter Series in Nonlinear Analysis and Applications},
    VOLUME = {3},
 PUBLISHER = {Walter de Gruyter \& Co., Berlin},
      YEAR = {1996},
     PAGES = {x+547},
      ISBN = {3-11-015113-8},
   MRCLASS = {47H30 (35J65 46E35 46F10 47N20)},
  MRNUMBER = {1419319},
MRREVIEWER = {P. Szeptycki},
       DOI = {10.1515/9783110812411},
       URL = {http://dx.doi.org/10.1515/9783110812411},
}

%ODE text 
@book {chicone2006ordinary,
    AUTHOR = {Chicone, Carmen},
     TITLE = {Ordinary differential equations with applications},
    SERIES = {Texts in Applied Mathematics},
    VOLUME = {34},
   EDITION = {Second},
 PUBLISHER = {Springer, New York},
      YEAR = {2006},
     PAGES = {xx+636},
      ISBN = {978-0387-30769-5; 0-387-30769-9},
   MRCLASS = {34-01 (37-01)},
  MRNUMBER = {2224508},
}




%Fenichel theory
@article {agj,
    AUTHOR = {Alexander, J. and Gardner, R. and Jones, C.},
     TITLE = {A topological invariant arising in the stability analysis of
              travelling waves},
   JOURNAL = {J. Reine Angew. Math.},
  FJOURNAL = {Journal f\"ur die Reine und Angewandte Mathematik. [Crelle's
              Journal]},
    VOLUME = {410},
      YEAR = {1990},
     PAGES = {167--212},
      ISSN = {0075-4102},
   MRCLASS = {58D25 (35B35 35K57 58C40)},
  MRNUMBER = {1068805},
MRREVIEWER = {Norman Dancer},
}



